4950 6550
100 2236 139 2242 Ι
104 2190 138 2197 t

2188 2199 2629 2231 fuanfflffvffffl
2669 2199 2717 2231 A„
2741 2195 2793 2227 H*

2072 2311 2188 2343 1151.
2228 2307 2352 2339 Essh,
2388 2307 2549 2339 Ekzlffl.
2585 2303 2889 2335 Mnucssxlx.

967 3261 1177 3366 Cum
1229 3294 1611 3390 decretum·
1646 3308 1851 3385 esset,
1907 3308 1988 3368 ut
2035 3295 2299 3369 iterum
2338 3294 2617 3391 indices
2655 3321 2906 3369 eorum
2942 3318 3131 3392 quae
3167 3291 3619 3368 collectionis
3655 3304 3956 3365 nostrae
3993 3290 4207 3364 tomis

752 3427 1126 3527 hucusque
1194 3429 1410 3503 editis
1475 3430 1943 3504 continentur
2009 3432 2427 3521 ederentur,
2499 3430 2920 3505 censuimus
2985 3432 3120 3528 qui
3180 3431 3503 3504 laborem
3569 3454 3821 3503 eorum
3873 3425 4202 3501 conscri-

755 3564 1151 3639 bendorum
1211 3591 1806 3665 susceperamus,
1876 3580 1959 3640 ut
2010 3565 2159 3638 iam
2215 3593 2365 3640 non
2416 3568 2666 3641 eadem
2716 3566 3009 3640 ratione
3055 3592 3177 3641 eos
3226 3567 3813 3655 institueremus,
3880 3588 4030 3661 qua
4082 3561 4210 3636 usi

753 3714 929 3774 sunt
973 3700 1107 3799 qui
1156 3715 1375 3776 antea
1418 3702 1870 3801 pauciorum
1926 3702 2378 3777 voluminum
2429 3703 2709 3777 indices
2748 3730 2813 3775 a.
2857 3699 3067 3776 1848
3103 3702 3412 3798 (Archiv
3450 3701 3539 3791 X,
3597 3698 3853 3775 1—74
3890 3712 3958 3774 et
3992 3724 4203 3797 sepa-

751 3835 976 3910 ratim
1037 3836 1536 3912 Hannoverae
1598 3836 1822 3912 1848.
1892 3835 2025 3933 8⁰)
2106 3851 2171 3913 et
2249 3865 2317 3911 a.
2374 3836 2587 3913 1866
2663 3838 2834 3935 (SS.
2891 3838 3107 3929 XIX,
3174 3842 3733 3934 VII—XXXIV)
3807 3841 4201 3936 confecere.

751 3970 1149 4046 Librorum
1203 3974 1394 4047 enim
1449 4001 1538 4048 ac
1593 3976 2005 4048 litterarum
2061 3974 2343 4048 diversi
2386 3975 2683 4071 qeneris
2737 4001 3040 4050 numero
3093 4002 3363 4072 mayno
3401 3976 3841 4051 incremento
3880 3973 4033 4048 iam
4071 3973 4204 4046 ad-

756 4122 967 4183 aucto
1011 4110 1275 4207 plures
1330 4123 1395 4184 et
1447 4110 1825 4185 uberiores
1879 4112 2157 4185 indices
2215 4111 2603 4185 lectoribus
2654 4126 2913 4208 qratos
2950 4116 3127 4209 sore
3179 4112 3647 4187 credidimus.

957 4245 1277 4319 Indicem
1367 4248 1764 4320 secundum
1852 4246 2183 4320 ordinem
2271 4260 2668 4346 temporum
2749 4262 3168 4345 conqestum
3247 4248 3631 4323 omisimus
3712 4273 3875 4321 cum
3950 4246 4205 4321 multis

752 4380 1176 4455 rationibus
1237 4382 1602 4473 commoti,
1674 4396 1826 4456 tum
1888 4385 2066 4481 quia
2120 4384 2481 4482 permulti
2539 4398 2715 4458 sunt
2766 4384 2948 4459 libri
2995 4411 3133 4484 per
3203 4385 3352 4459 tria
3405 4387 3729 4483 plurave
3791 4385 4092 4458 saecula
4158 4410 4205 4456 a

752 4516 1005 4591 multis
1062 4518 1492 4593 auctoribus
1548 4518 1697 4593 sibi
1748 4520 2295 4594 succedentibus
2344 4522 2767 4620 conscripti,
2823 4547 3006 4620 quos
3058 4522 3311 4596 multis
3367 4521 3547 4595 locis
3602 4522 3679 4594 in
3720 4520 3960 4595 indice
3997 4545 4207 4618 quem

756 4653 1011 4727 dicunt
1074 4654 1588 4752 chronoloqico
1655 4656 1917 4752 afferre
1971 4657 2432 4755 oportuisset.
2543 4658 2695 4731 Pro
2752 4656 2884 4731 hoc
2937 4657 3167 4754 iqitur
3221 4657 3550 4732 dedimus
3607 4658 3902 4731 tabulas
3956 4681 4208 4729 eorum

757 4815 945 4888 quae
1017 4791 1341 4888 sinqulis
1412 4792 1621 4865 tomis
1676 4793 2165 4866 continentur.
2287 4791 2467 4868 Cum
2521 4793 2715 4867 enim
2769 4818 3206 4892 unoquoque
3260 4794 3627 4867 volumine
3682 4793 3914 4867 libelli
3963 4793 4205 4867 eodem

741 4930 913 5025 sere
973 4941 1285 5026 tempore
1339 4928 1621 5002 conditi
1670 4926 2171 5018 exhibeantur,
2236 4932 2576 5026 quamvis
2628 4930 3017 5003 nonnullis
3072 4930 3668 5004 continuationes
3722 4929 4211 5027 auctariaque

750 5065 1193 5162 posterioris
1260 5064 1525 5139 aetatis
1593 5065 1986 5140 subiuncta
2055 5066 2238 5156 sint,
2305 5080 2694 5165 conspectu
2763 5092 3015 5140 eorum
3081 5091 3270 5163 quae
3323 5065 3647 5162 sinqulis
3703 5065 3916 5140 tomis
3970 5065 4202 5140 conti-

754 5213 1023 5273 nentur
1081 5202 1251 5275 dato
1305 5202 1683 5298 effecturos
1737 5228 1875 5277 nos
1930 5227 2084 5275 esse
2138 5201 2634 5300 speravimus,
2689 5215 2773 5275 ut
2825 5204 3042 5276 index
3092 5201 3655 5298 chronoloqicus
3711 5229 3758 5276 a
3814 5201 4203 5277 lectoribus

756 5361 905 5408 non
959 5335 1432 5411 desideretur.

961 5471 1047 5545 In
1086 5472 1202 5546 his
1243 5473 1516 5546 tabulis
1542 5473 1845 5570 partim,
1889 5475 2175 5573 partim
2212 5475 2289 5547 in
2331 5473 2797 5572 sequentibus
2835 5474 3205 5548 indicibus
3244 5472 3681 5565 studuimus,
3720 5489 3804 5550 ut
3838 5502 4209 5550 annorum

754 5609 1084 5682 numeris
1166 5607 1563 5706 adscriptis
1629 5633 1759 5683 seu
1823 5610 2429 5684 adnotationibus
2491 5609 2934 5708 quibuslibet
3007 5609 3464 5684 brevissimis
3534 5610 3841 5687 adiectis
3906 5615 4204 5688 lectores
