4950 6550
360 479 401 534 VI

362 642 488 741 quoad
508 640 600 740 fieri
623 639 748 740 potuit
781 639 1065 732 instruerentur,
1106 667 1176 740 quo
1206 643 1249 716 de
1276 655 1431 739 tempore
1459 639 1620 738 sinpulis
1648 639 1819 739 operibus
1843 640 2003 714 relatum
2030 638 2090 728 sit,

360 799 431 877 666
459 791 619 868 auctore,
651 803 721 876 666
750 790 916 876 tempore,
944 802 1015 876 666
1044 779 1121 853 6666
1149 779 1273 852 eudem
1299 769 1499 876 composita
1527 777 1613 852 sint.
1654 775 1699 850 Si
1714 774 1805 874 quid
1813 774 1917 874 salsi
1932 777 1975 850 de
1994 773 2089 848 libro

360 913 520 1013 quolibet
555 915 612 988 uel
644 916 687 989 de
721 927 869 988 auctore
900 914 980 990 eius
1017 915 1056 988 in
1090 914 1207 990 titulis
1228 914 1409 1014 praesidis
1433 914 1568 989 dictum
1593 939 1671 988 6336
1695 911 1969 1011 comprobatum
1995 924 2087 1000 erat,

361 1050 428 1126 boc
458 1050 685 1125 correximus
718 1077 843 1124 errore
876 1051 1029 1126 editoris
1063 1054 1251 1126 adnotato.
1306 1049 1351 1124 St
1381 1051 1479 1148 quod
1512 1051 1728 1149 opusculum
1761 1048 1802 1122 in
1828 1045 1960 1146 priore
1995 1060 2088 1121 tomo

361 1186 496 1261 editum
516 1200 648 1286 postea
675 1186 715 1259 in
744 1187 820 1260 alio
848 1188 1075 1262 emendatius
1093 1186 1314 1262 recensitum
1331 1200 1422 1278 erat,
1443 1185 1611 1288 priorem
1628 1184 1823 1260 editionem
1841 1183 1949 1260 uncis
1968 1183 2088 1257 inclu-

361 1321 494 1412 simus,
535 1336 576 1397 ut
616 1325 764 1398 lectores
799 1336 973 1412 caueant,
1014 1349 1059 1397 66
1090 1323 1267 1397 deteriore
1298 1322 1511 1397 recensione
1536 1348 1611 1421 pro
1643 1319 1888 1396 emendatiore
1919 1331 2086 1394 utantur.

359 1457 485 1531 Etiam
503 1458 570 1556 666
588 1459 704 1533 libelli
721 1486 743 1532 a
762 1459 958 1558 falsariis,
978 1459 1164 1548 Pratillio‚
1191 1457 1375 1556 Vipneri0,
1404 1458 1493 1533 aliis
1513 1458 1657 1556 conficti
1673 1458 1713 1530 in
1731 1468 1862 1530 nostra
1880 1453 2089 1530 collectione

359 1595 450 1668 editi
474 1595 558 1682 sint,
586 1596 885 1682 monstrauimus,
915 1610 955 1669 ut
980 1597 1130 1670 lectores
1157 1596 1203 1670 ab
1231 1595 1290 1670 bis
1316 1595 1553 1670 consulendis
1578 1607 1743 1668 caueant.

461 1732 505 1805 ln
532 1732 670 1806 tabulis
698 1734 945 1807 tantummodo
974 1732 1246 1824 adnotavimus,
1275 1759 1298 1806 a
1325 1756 1396 1830 quo
1422 1733 1558 1806 editore
1585 1732 1737 1828 3666666
1765 1755 1878 1828 opera
1905 1728 2088 1804 recensita

359 1866 451 1955 sint,
486 1893 673 1943 monemus
702 1883 821 1943 tamen
850 1869 980 1962 libros,
1014 1869 1148 1968 quibus
1175 1895 1307 1942 nomen
1333 1868 1485 1942 editoris
1513 1894 1588 1941 666
1615 1881 1669 1942 636
1695 1867 1936 1967 adscriptum,
1973 1867 2019 1940 ab
2046 1891 2087 1940 66

358 2027 436 2077 6336
463 2004 675 2095 recensitos,
703 2032 727 2079 a
753 2031 824 2103 quo
853 2019 965 2080 totum
983 2008 1151 2080 volumen
1171 2005 1307 2080 editum
1325 2030 1403 2079 esse
1421 2003 1681 2079 iudicauimus.
1726 2002 1822 2078 Eius
1841 2028 1926 2078 uero
1946 2015 2088 2076 tantum

357 2164 487 2211 nomen
522 2139 684 2236 36666663
720 2142 827 2216 tomis
854 2142 1191 2242 praescripsimus,
1224 2143 1292 2241 qui
1322 2142 1448 2216 omnia
1483 2143 1540 2215 vel
1562 2145 1648 2240 fere
1675 2141 1800 2215 omnia
1827 2165 1939 2238 opera
1966 2140 2088 2213 eodem

359 2273 542 2349 uolumine
568 2276 829 2375 comprehensa
855 2278 1049 2353 recensuit.
1096 2277 1222 2352 Etiam
1248 2277 1315 2376 qui
1340 2277 1457 2351 libelli
1476 2302 1634 2375 6666666
1658 2276 1881 2360 collectionis
1900 2276 1939 2349 in
1959 2277 2085 2349 collec-

359 2408 455 2484 tione
481 2411 622 2487 minore
649 2414 688 2487 66
716 2442 825 2490 usum
851 2415 1063 2490 scbolarum
1086 2414 1183 2490 edita
1201 2414 1327 2490 recusi
1343 2414 1428 2504 sint,
1456 2413 1641 2512 66666663
1659 2411 1861 2512 specimina
1879 2412 2087 2511 scripturae

357 2546 522 2622 codicum
556 2550 697 2625 adiecto
732 2550 824 2642 sint,
857 2551 898 2624 in
933 2551 1070 2626 tabulis
1102 2550 1370 2640 indicavimus3
1405 2575 1499 2649 6666
1530 2551 1708 2648 quomodo
1743 2547 2085 2648 sipnificaverimus‚

358 2681 398 2755 in
425 2684 553 2759 tabula
580 2686 760 2783 siplorum
786 2686 913 2763 uideas
934 2713 1146 2787 precamur.

465 2819 629 2896 Tabulas
656 2838 860 2922 sequuntur
887 2823 1027 2899 indices
1041 2850 1109 2923 per
1134 2824 1299 2898 ordinem
1318 2823 1506 2923 alphabeti
1522 2823 1665 2920 6666366,
1693 2837 1726 2897 66
1736 2822 1862 2922 primo
1882 2824 1959 2898 loco
1978 2823 2087 2897 iudea

358 2969 550 3031 auctorum
576 2985 658 3033 cum
685 2959 803 3035 titulis
831 2960 1011 3034 librorum
1038 2960 1083 3034 ab
1110 2959 1163 3034 eis
1181 2958 1465 3059 compositorum
1483 2960 1657 3032 adnotato
1677 2960 1766 3049 loco,
1793 2984 1864 3056 666
1883 2958 1975 3033 editi
1990 2959 2085 3049 3666,·

358 3093 398 3166 in
421 3117 493 3192 quo
519 3093 640 3169 indi'ce
664 3095 774 3170 etiam
800 3121 927 3193 rapum
948 3095 1234 3196 principumque
1262 3122 1306 3170 ac
1326 3094 1541 3195 pontificum
1568 3083 1710 3169 litterae
1735 3095 1874 3168 allatae
1893 3109 1991 3169 sunt.
2041 3094 2087 3171 Ut

358 3229 467 3305 lector
495 3229 609 3305 obiter
636 3232 780 3331 quidem
807 3246 1012 3329 666663666,
1040 3257 1112 3332 666
1140 3246 1298 3332 tempore
1325 3245 1493 3308 auctores
1520 3229 1690 3321 66666666,
1717 3232 1842 3329 quoad
1850 3229 1942 3328 fieri
1950 3231 2084 3330 potuit,

357 3394 428 3466 666
461 3394 561 3443 ariao
594 3370 733 3443 mortui
762 3370 854 3459 sint,
888 3369 1060 3469 reliquis,
1093 3394 1164 3468 quo
1191 3373 1277 3468 fere
1312 3395 1412 3442 anno
1435 3368 1654 3468 floruerint,
1687 3369 1798 3441 etiam
1823 3368 1949 3465 666666
1974 3366 2089 3457 licuit,

358 3527 429 3602 666
463 3504 539 3578 6666
573 3505 793 3604 scripserint
823 3505 880 3579 uel
910 3506 1019 3580 cuius
1050 3518 1170 3580 status
1202 3503 1497 3603 conditionisque
1521 3504 1688 3602 fuerint,
1729 3530 1840 3602 quam
1876 3501 2088 3577 breuissime

360 3639 632 3715 adnotavimus.

466 3774 556 3848 Tum
583 3776 748 3851 dedimus
776 3778 932 3853 indicem
952 3804 1213 3877 personarum,
1241 3777 1442 3877 dequibus
1471 3776 1588 3852 libelli
1611 3775 1814 3876 conscripti
1837 3790 1935 3866 sunt,
1961 3778 2004 3851 de
2031 3775 2090 3850 bis

359 3910 469 3985 etiam
497 3914 621 3987 eadem
639 3915 725 4011 sere
752 3940 847 4012 6666
873 3916 915 3989 de
943 3914 1156 3990 auctoribus
1182 3926 1364 3989 notantes.
1739 3892 1742 3897 ⁵
2081 3880 2090 3903 ο

459 4046 602 4124 Deinde
629 4049 765 4123 imitati
790 4052 1054 4148 quodammodo
1084 4050 1224 4125 indices
1253 4079 1287 4124 a.
1308 4049 1412 4125 6848
1437 4065 1470 4126 66
1497 4078 1531 4125 6.
1553 4048 1658 4125 1866
1684 4049 1799 4124 editos
1816 4029 2088 4149 composuimus

361 4184 514 4259 indicem
533 4187 706 4276 locorum,
728 4188 964 4286 populorum,
994 4200 1189 4278 terrarum,
1217 4186 1258 4261 in
1276 4211 1347 4286 quo
1366 4187 1434 4261 sub
1452 4212 1594 4285 666666
1613 4188 1690 4260 6666
1709 4186 1923 4261 6666666663
1942 4186 2087 4260 iuuenis

359 4347 483 4396 omnes
516 4322 675 4412 libellos,
706 4323 772 4421 666
803 4326 846 4397 de
878 4312 999 4398 eodem
1026 4325 1083 4398 vel
1109 4323 1149 4397 in
1176 4325 1299 4398 eodem
1324 4323 1518 4422 compositi
1541 4322 1581 4395 in
1609 4336 1739 4397 nostra
1766 4321 1975 4397 collectione
2000 4321 2091 4396 editi

360 4472 461 4547 sunt,
502 4459 570 4533 sub
610 4473 795 4533 terrarum
835 4473 869 4534 et
894 4461 1117 4559 populorum
1149 4459 1361 4534 nominibus
1393 4483 1488 4558 quae
1518 4460 1562 4533 de
1593 4458 1728 4534 eisdem
1760 4458 1858 4531 edita
1891 4457 1932 4532 in
1963 4459 2089 4531 eadem

359 4593 550 4669 babentur.
604 4594 656 4671 Ac
682 4596 823 4672 libellos
851 4597 918 4671 sub
944 4621 1085 4695 666666
1111 4595 1257 4670 nomine
1282 4610 1514 4670 enumeratos
1541 4596 1595 4670 ita
1622 4594 1883 4693 disposuimus,
1911 4607 1950 4667 ut
1962 4592 2087 4693 primo

360 4731 437 4804 loco
472 4744 707 4805 monumenta
740 4732 934 4806 historiam
968 4732 1217 4807 universalem
1249 4732 1470 4822 6666666666,
1511 4745 1553 4805 66
1587 4732 1762 4821 annales,
1802 4728 1979 4804 chronica
2011 4742 2087 4821 666,

358 4865 488 4941 deinde
514 4893 557 4941 ea
585 4892 679 4967 6666
706 4869 757 4942 ad
781 4867 879 4943 bunc
906 4870 1023 4943 locum
1050 4882 1224 4968 spectant,
1251 4881 1294 4941 ut
1317 4881 1422 4967 66366
1449 4868 1713 4968 episcoporum,
1741 4866 1896 4963 denique
1921 4890 1966 4940 ea
1993 4891 2088 4963 quae

359 5002 401 5076 de
428 5004 665 5078 monasteriis
691 5004 813 5078 eodem
841 5006 917 5079 loco
937 5003 1020 5079 sitis
1039 5004 1249 5103 conscripta
1267 5018 1363 5095 sunt,
1390 5018 1433 5078 ut
1445 5018 1551 5102 66366
1570 5003 1753 5093 abbatum,
1780 5002 1993 5101 6666666666
2011 5017 2087 5094 666,

360 5139 594 5237 offerrentur.
634 5140 833 5215 Praeterea
852 5140 1031 5215 hodierna
1051 5143 1214 5215 locorum
1232 5140 1384 5215 nomina
1403 5140 1614 5215 addidimus
1634 5153 1667 5213 et
1680 5138 1940 5231 indicavimus,
1958 5165 2087 5214 mona-

360 5274 474 5348 steria
504 5275 612 5352 cuius
638 5274 802 5355 ordinis¹
822 5291 855 5351 et
877 5277 918 5352 in
937 5303 1012 5376 666
1031 5277 1169 5351 diocesi
1186 5277 1260 5352 sita
1270 5276 1431 5376 suerint,
1457 5275 1718 5351 adnotavimus
1736 5274 1847 5350 etiam
1857 5277 2086 5375 plerumque,

468 5548 497 5625 l)
527 5550 621 5608 Multa
641 5548 773 5608 coenobia
789 5570 842 5625 per
863 5560 1012 5625 temporum
1033 5550 1235 5607 vicissitudines
1255 5550 1426 5607 diuersorum
1445 5550 1575 5605 ordinum
1588 5550 1684 5622 fuisse
1705 5547 1828 5603 omnibus
1848 5555 1941 5601 notum
1961 5556 2014 5617 est,
2037 5547 2089 5602 sed

360 5670 420 5708 eum
440 5653 565 5710 ordinem
584 5662 690 5710 tantum
709 5654 903 5722 indicavimus,
925 5672 980 5728 quo
1000 5656 1105 5729 6666666
1125 5652 1209 5710 libelli
1229 5654 1295 5709 editi
1313 5655 1343 5709 in
1363 5651 1482 5727 quolibet
1501 5654 1669 5709 monasterio
1690 5652 1839 5723 comciipti
1856 5656 1929 5709 sunt.
