4950 6550
2046 459 2104 515 v11

375 623 508 723 quibus
536 622 676 698 sanctis
704 622 860 720 antiqua
885 621 1114 696 monasteria
1141 621 1314 696 ordinum
1332 623 1369 697 S.
1386 621 1577 697 Benedicti
1601 635 1635 696 et
1661 622 1698 697 S.
1714 622 1919 720 Aupustini
1935 622 2102 698 dedicata

365 760 526 859 fuerint.
564 761 692 858 ltaque
711 783 904 858 speramus
923 758 1020 833 bunc
1038 757 1194 832 indicem
1213 758 1409 832 lectoribus
1427 759 1529 834 baud
1545 759 1712 833 inutilem
1721 762 1898 857 futurum
1916 785 2005 852 esse,
2032 785 2104 858 quo

373 909 416 970 ut
432 895 596 994 facilius
623 907 790 984 utantur,
824 894 1083 969 subiunximus
1111 894 1276 968 tabulam
1301 896 1536 992 quorundam
1558 893 1749 968 nominum
1775 897 1940 970 locorum
1966 896 2104 970 moder·

373 1057 507 1106 norum
534 1045 834 1130 comparatorum
857 1055 939 1105 eum
959 1029 1089 1105 latinis
1108 1031 1165 1105 uel
1183 1029 1361 1128 antiquis,
1380 1030 1448 1105 sub
1466 1030 1601 1128 quibus
1619 1029 1660 1104 in
1679 1032 1799 1104 codem
1819 1030 1908 1105 baec
1925 1031 2103 1106 invenies.

476 1167 645 1267 Denique
678 1193 763 1242 vero
790 1167 977 1267 perpauci
1007 1180 1095 1242 sunt
1126 1165 1257 1254 libelli,
1291 1165 1358 1264 qui
1388 1191 1459 1264 quo
1493 1179 1658 1256 auctore,
1691 1191 1762 1264 quo
1799 1168 1875 1240 loco
1904 1167 2106 1267 conscripti

375 1303 468 1393 sint,
503 1329 578 1377 non
606 1316 764 1392 constat,
799 1317 832 1378 et
865 1303 999 1402 quibus
1025 1328 1086 1377 res
1112 1302 1347 1377 uniuersales
1375 1314 1599 1391 tractantur,
1632 1315 1674 1376 ut
1700 1301 1739 1375 in
1769 1302 1886 1378 tribus
1907 1304 2103 1403 prioribus

374 1438 561 1514 indicibus
596 1453 662 1514 aut
696 1438 844 1513 omnino
876 1465 952 1513 non
984 1451 1051 1513 aut
1081 1465 1157 1512 non
1190 1450 1286 1512 certo
1318 1439 1394 1512 loeo
1428 1437 1607 1511 collocari
1632 1451 1801 1536 possent,
1840 1440 1938 1514 unde
1970 1467 2031 1515 eos
2062 1441 2103 1514 in

373 1587 506 1673 quarto
538 1574 703 1650 indiculo
738 1575 854 1664 breui,
891 1599 995 1673 quem
1030 1574 1225 1648 variarum
1257 1599 1382 1649 rerum
1414 1573 1594 1665 dinamus,
1620 1600 1692 1673 per
1725 1575 1913 1674 alphabeti
1936 1576 2100 1651 ordinem

373 1709 573 1810 dispositos
599 1710 824 1808 collepimus.
2073 1812 2076 1819 Ι

474 1844 654 1920 Laborem
688 1839 789 1921 buncx
819 1846 923 1924 baud
955 1873 1046 1920 sane
1078 1872 1299 1945 mapnopere
1330 1860 1480 1944 pratum
1512 1847 1566 1921 ita
1592 1847 1688 1921 inter
1720 1873 1789 1921 nos
1816 1846 2028 1938 divisimus,
2062 1862 2104 1923 ut

374 1984 467 2056 alter
500 1994 669 2056 nostrum
696 1983 871 2057 Auctores
905 1983 1185 2081 antiquissimos
1220 1996 1254 2056 ct
1279 2008 1402 2056 omncs
1428 1982 1658 2082 Scriptorum
1685 1981 1817 2073 series,
1851 1981 2042 2083 Epistulas
2068 1997 2101 2057 et

374 2119 532 2191 annales
563 2129 712 2191 nostros
740 2120 762 2212 (
760 2118 895 2194 Arabio
930 2131 964 2193 ct
988 2118 1113 2194 Neues
1139 2118 1311 2214 Arcbio),
1347 2121 1441 2193 aller
1468 2117 1582 2216 Lepos
1608 2132 1644 2192 ct
1667 2117 1884 2218 Diplomatu
1910 2133 1946 2194 et
1969 2119 2102 2195 Libros

373 2252 723 2353 confraternitatum
750 2267 784 2327 ct
809 2253 1034 2352 Necrolopia
1061 2255 1295 2345 exscriberet,
1328 2255 1462 2329 Paetus
1490 2254 1628 2329 latinos
1646 2267 1796 2353 uterquc
1822 2281 2103 2355 exsuperemus,

374 2389 529 2489 denique
564 2389 598 2463 is
638 2402 804 2463 nostrum
845 2389 912 2488 qui
935 2390 1066 2491 priore
1099 2393 1176 2465 loco
1205 2390 1426 2489 subscripsit
1451 2390 1646 2466 scbedulas
1672 2392 1843 2466 collectas
1870 2391 1911 2465 in
1939 2393 2105 2467 ordinem

372 2525 564 2624 rediperct,
593 2526 807 2615 adornaret,
834 2541 1117 2623 recopnosecret.

474 2661 532 2735 Er
563 2660 767 2735 annalibus
793 2661 934 2738 nostris
960 2665 1207 2737 tantummodo
1233 2676 1468 2738 monumenta
1495 2663 1535 2737 in
1563 2663 1697 2738 eisdem
1723 2663 1821 2738 edita
1850 2664 1890 2738 in
1917 2665 2102 2740 indicibus

372 2795 746 2887 commemoravimus,
775 2798 838 2871 sed
864 2798 1055 2874 omisimus
1082 2824 1125 2873 ea
1152 2825 1247 2898 quae
1273 2799 1406 2874 ibidem
1426 2799 1539 2899 prius
1566 2801 1606 2872 in
1636 2801 1751 2875 lucem
1777 2802 1877 2889 data,
1898 2814 2031 2899 postea
2060 2803 2101 2876 in

372 2931 597 3009 collectionis
623 2946 775 3009 nostrae
801 2946 895 3007 tomo
922 2935 1082 3032 quodam
1107 2961 1241 3011 recusa
1267 2951 1363 3010 sunt.

475 3236 648 3314 Beroliui
673 3266 708 3315 a.
727 3241 762 3315 d.
790 3239 826 3313 V.
846 3241 936 3317 Idus
970 3240 1140 3320 Octobres
1167 3270 1202 3318 a.
1230 3241 1498 3320 MDCCCXC.

1542 3684 1599 3841 l).
1625 3753 2049 3861 Horam-Ecca.

1641 3965 1708 4047 K.
1735 3966 1969 4049 Zeumer.
